<collection xmlns="http://www.loc.gov/MARC21/slim"><record><leader>00851nam  2200241   450</leader><controlfield tag="001">934</controlfield><controlfield tag="003">http://montalegre.opacnet.com/OPAC/default.aspx?ContentAreaControl=ShowRegHoldings.ascx&amp;RegNo=16662</controlfield><datafield tag="021" ind1=" " ind2=" "><subfield code="a">PT</subfield><subfield code="b">26328/89</subfield></datafield><datafield tag="095" ind1=" " ind2=" "><subfield code="a">PTBN00397322</subfield></datafield><datafield tag="100" ind1=" " ind2=" "><subfield code="a">19900423d1979    m  y0pory0103    ba</subfield></datafield><datafield tag="101" ind1="1" ind2=" "><subfield code="a">por</subfield><subfield code="c">ita</subfield></datafield><datafield tag="102" ind1=" " ind2=" "><subfield code="a">PT</subfield><subfield code="b">Lisboa</subfield></datafield><datafield tag="200" ind1="1" ind2=" "><subfield code="a">Centúria</subfield><subfield code="e">cem pequenos grandes romances</subfield><subfield code="f">Giorgio Manganelli</subfield><subfield code="g">trad. de António José Pinto Ribeiro</subfield></datafield><datafield tag="210" ind1=" " ind2=" "><subfield code="a">Lisboa</subfield><subfield code="c">Edições 70</subfield><subfield code="d">cop. 1979</subfield></datafield><datafield tag="215" ind1=" " ind2=" "><subfield code="a">210 p.</subfield><subfield code="d">24 cm</subfield></datafield><datafield tag="225" ind1="2" ind2=" "><subfield code="a">Caligrafias</subfield><subfield code="v">14</subfield></datafield><datafield tag="304" ind1=" " ind2=" "><subfield code="a">Tit. orig.: Centuria</subfield></datafield><datafield tag="675" ind1=" " ind2=" "><subfield code="a">850-31 MAN</subfield><subfield code="z">por</subfield><subfield code="3">480525</subfield></datafield><datafield tag="700" ind1=" " ind2="1"><subfield code="a">Manganelli</subfield><subfield code="b">Giorgio</subfield><subfield code="3">327402</subfield></datafield><datafield tag="702" ind1=" " ind2="1"><subfield code="a">Ribeiro</subfield><subfield code="b">António Pinto</subfield><subfield code="4">730</subfield><subfield code="3">283219</subfield></datafield><datafield tag="801" ind1=" " ind2="0"><subfield code="a">PT</subfield><subfield code="b">Biblioteca Municipal de Montalegre</subfield><subfield code="g">RPC</subfield></datafield><datafield tag="856" ind1=" " ind2=" "><subfield code="u">locateMedia.asp?cod=20060703085025&amp;ext=jpg</subfield><subfield code="z">CAPA</subfield></datafield><datafield tag="909" ind1="&#9;" ind2=" "><subfield code="a">2</subfield></datafield><datafield tag="966" ind1=" " ind2=" "><subfield code="a">0009094</subfield><subfield code="l">BMM</subfield><subfield code="s">SCG 821 MAN cen 14</subfield></datafield><datafield tag="966" ind1=" " ind2=" "><subfield code="a">0009093</subfield><subfield code="l">BMM</subfield><subfield code="s">SCG 821 MAN cen 14</subfield></datafield></record></collection>